@book{KeR88
  , author    = {B.W. Kernighan and D.M. Ritchie}
  , title     = {The C Programming Language (ANSI C)}
  , edition   = {2nd}
  , publisher = {Prentice Hall Software series}
  , year      = {1988}
  , keywords  = {Programming, Imperative}
}

@book{GRM97
  , title     = {The LaTeX Graphics Companion}
  , author    = {Michel Goossens and Sebastian Rahtz and Frank Mittelbach}
  , publisher = {Addison-Wesley}
  , year      = {1997}
  , note      = {ISBN 0-201-85469-4}
  , keywords  = {LaTeX, Programming, Graphics}
}
@misc{soundfont,
    title     = "SoundFont Technical Specification",
    url       = "http://www.synthfont.com/sfspec24.pdf",
    howpublished = "\url{http://www.synthfont.com/sfspec24.pdf}",
    year      = "2006",
    month     = "February"
},
@misc{nfluidsynth,
  author = "Eno, Atsushi",
  title = "NFluidSynth",
  year = "2019",
  publisher = "GitHub",
  journal = "GitHub repository",
  url = "https://github.com/atsushieno/nfluidsynth",
  howpublished = "\url{https://github.com/atsushieno/nfluidsynth}",
  commit = "f2ab023f3672d31d8032167d2d0ab19f913f6e9a"
}
@misc{pyfluidsynth,
  author = "Whitehead, Nathan",
  title = "pyfluidsynth",
  year = "2019",
  publisher = "GitHub",
  journal = "GitHub repository",
  url = "https://github.com/nwhitehead/pyfluidsynth",
  howpublished = "\url{https://github.com/nwhitehead/pyfluidsynth}",
  commit = "9a8ecee996e83a279e8d29d75e8a859aee4aba67"
}
@misc{fluidsynth_settings,
    title     = "FluidSynth Settings",
    url       = "http://www.fluidsynth.org/api/fluidsettings.xml",
    howpublished = "\url{http://www.fluidsynth.org/api/fluidsettings.xml}",
}
@misc{dangling-else,
    title     = "Dangling else",
    url       = "https://en.wikipedia.org/wiki/Dangling_else",
    howpublished = "\url{https://en.wikipedia.org/wiki/Dangling_else}",
}
@misc{helmholtz-pitch-notation,
    title     = "Helmholtz Pitch Notation",
    url       = "https://en.wikipedia.org/wiki/Helmholtz_pitch_notation",
    howpublished = "\url{https://en.wikipedia.org/wiki/Helmholtz_pitch_notation}",
}
@misc{algorithmic-composition,
    title     = "Algorithmic composition",
    url       = "https://en.wikipedia.org/wiki/Algorithmic_composition",
    howpublished = "\url{https://en.wikipedia.org/wiki/Algorithmic_composition}",
}
@misc{abc-notation,
    title     = "ABC Notation",
    url       = "http://abcnotation.com/",
    howpublished = "\url{http://abcnotation.com/}",
}
@misc{abc-notation-standard,
    title     = "ABC Notation Standard v2.1",
    year = "2011"
    url       = "http://abcnotation.com/wiki/abc:standard:v2.1",
    howpublished = "\url{http://abcnotation.com/wiki/abc:standard:v2.1}",
}
@misc{abc-notation-examples,
    title     = "ABC Notation Examples",
    year = "2011"
    url       = "http://abcnotation.com/examples",
    howpublished = "\url{http://abcnotation.com/examples}",
}
@misc{faust,
    title     = "FAUST",
    url       = "https://faust.grame.fr/",
    howpublished = "\url{https://faust.grame.fr/}",
}
@misc{faust-targets,
    title     = "FAUST Targets",
    url       = "https://faust.grame.fr/doc/manual/#a-quick-tour-of-the-faust-targets",
    howpublished = "\url{https://faust.grame.fr/doc/manual/#a-quick-tour-of-the-faust-targets}",
}
@misc{faust-libraries,
    title     = "FAUST Libraries",
    url       = "https://faust.grame.fr/doc/libraries/",
    howpublished = "\url{https://faust.grame.fr/doc/libraries/}",
}

@misc{faust-examples,
    title     = "FAUST Examples",
    url       = "https://faust.grame.fr/doc/libraries/",
    howpublished = "\url{https://faust.grame.fr/doc/libraries/}",
}

@misc{faust-quickstart,
    title     = "FAUST Quick Start",
    url       = "https://faust.grame.fr/doc/examples/index.html",
    howpublished = "\url{https://faust.grame.fr/doc/examples/index.html}",
}
@misc{alda,
    title     = "alda",
    url       = "https://alda.io/",
    howpublished = "\url{https://alda.io/}",
}
@misc{sonic-pi,
    title     = "Sonic Pi",
    url       = "https://sonic-pi.net/",
    howpublished = "\url{https://sonic-pi.net/}",
}
@misc{sonic-pi-fx,
    title     = "Sonic Pi Fx Cheatsheet",
    url       = "https://github.com/samaaron/sonic-pi/blob/master/etc/doc/cheatsheets/fx.md",
    howpublished = "\url{https://github.com/samaaron/sonic-pi/blob/master/etc/doc/cheatsheets/fx.md}",
}
