@misc{soundfont,
    title     = "SoundFont Technical Specification",
    url       = "http://www.synthfont.com/sfspec24.pdf",
    howpublished = "\url{http://www.synthfont.com/sfspec24.pdf}",
    year      = "2006",
    month     = "February"
},
@misc{nfluidsynth,
  author = "Eno, Atsushi",
  title = "NFluidSynth",
  year = "2019",
  publisher = "GitHub",
  journal = "GitHub repository",
  url = "https://github.com/atsushieno/nfluidsynth",
  howpublished = "\url{https://github.com/atsushieno/nfluidsynth}",
  commit = "f2ab023f3672d31d8032167d2d0ab19f913f6e9a"
}
@misc{fluidsynth_settings,
    title     = "FluidSynth Settings",
    url       = "http://www.fluidsynth.org/api/fluidsettings.xml",
    howpublished = "\url{http://www.fluidsynth.org/api/fluidsettings.xml}",
}
@misc{dangling-else,
    title     = "Dangling else",
    url       = "https://en.wikipedia.org/wiki/Dangling_else",
    howpublished = "\url{https://en.wikipedia.org/wiki/Dangling_else}",
}
@misc{helmholtz-pitch-notation,
    title     = "Helmholtz Pitch Notation",
    url       = "https://en.wikipedia.org/wiki/Helmholtz_pitch_notation",
    howpublished = "\url{https://en.wikipedia.org/wiki/Helmholtz_pitch_notation}",
}
@misc{algorithmic-composition,
    title     = "Algorithmic composition",
    url       = "https://en.wikipedia.org/wiki/Algorithmic_composition",
    howpublished = "\url{https://en.wikipedia.org/wiki/Algorithmic_composition}",
}
