@Misc{AbcNotation,
  key = {The abc music standard - The tune body},
  title =     {The abc music standard - The tune body},
  year =      {2011},
  month =     {December},
  url =       "http://abcnotation.com/wiki/abc:standard:v2.1#the_tune_body"
}

@Misc{PEP255,
  key = {PEP 255 -- Simple Generators},
  title =     {PEP 255 -- Simple Generators},
  year =      {2001},
  month =     {May},
  url =       "https://www.python.org/dev/peps/pep-0255/",
  howpublished = "\url{https://www.python.org/dev/peps/pep-0255/"},
}


@Book{CraftingInterpreters,
  author =       {Bob Nystrom},
  title =        {Crafting Interpreters},
  year =         {2020}
}

@Misc{Quantization,
  key = {Quantization Music},
  title =     {Quantization music},
  url =       "https://en.wikipedia.org/wiki/Quantization_(music)",
  howpublished = "\url{https://en.wikipedia.org/wiki/Quantization_(music)"},
}

@Misc{GeneralMIDI,
  key = {GM 1 Sound Set},
  title =     {GM 1 Sound Set},
  url =       "https://www.midi.org/specifications-old/item/gm-level-1-sound-set",
  howpublished = "\url{https://www.midi.org/specifications-old/item/gm-level-1-sound-set"},
}

@article{Ferguson1959,
    author = {Charles Ferguson},
title = {Diglossia},
    journal = {Word},
    volume = {15},
    pages = {325--340},
    year = 1959}
    
@Misc{UDLR96,
    key = {Universal Declaration of Linguistic Rights},
  title =     {{U}niversal {D}eclaration of {L}inguistic {R}ights},
  year =      {1996},
  note =      {(Barcelona Declaration) World Conference on Linguistic Rights, Barcelona, Espanha, Junho de 1996. Retrieved January 31, 2020, from https://unesdoc.unesco.org/ark:/48223/pf0000104267},
}

@Book{Royo1997,
  author =       {Jesús Royo},
  title =        {Unha lingua é un mercado},
  publisher =    {Edicións Xerais de Galicia},
  year =         {1997},
  address =      {Vigo},
}

@InProceedings{jspell.pm,
  title     = "\texttt{jspell.pm} --- um módulo de análise morfológica para uso em
               Processamento de Linguagem Natural",
  author    = "Alberto Manuel Simões and José João Almeida",
  booktitle = "Actas da Associação Portuguesa de Linguística (APL'2001)",
  pages     = "485--495",
  year      = "2002",
}

@inproceedings{Almeida94c,
   author = "José João Almeida and Ulisses Pinto",
   title = "Jspell --' um módulo para análise léxica genérica de linguagem natural",
   booktitle = "Actas do X Encontro da Associação Portuguesa de Linguística (APL'1994)",
   pages = "1--15",
   year = 1995,
}

    
@MastersThesis{chuveiro,
  author =       {Rui Vilela},
  title =        {Geração de dicionários para correcção ortográfica do português},
  school =       {Escola de Engenharia, Universidade do Minho},
  year =         {2009},
}



    

@Book{FernandesNtondo2002,
  author =    {João Fernandes and Zavoni Ntondo},
  title =        {Angola: povos e línguas},
  publisher =    {Editorial Nzila},
  year =         {2002},
  address =   {Luanda},
}

@book{GuennecValente2010,
    author = {Le Guenec, Gregoire and Valente, José Francisco},
    year = {2010},
   title = {Dicionário {P}ortuguês-{U}mbundu},
    publisher = {Escolar Editora},
    address = {Lobito}}



@inCollection{Katamba2014,
    title = {Bantu nominal morphology},
    author = {Francis Katamba},
    editor = {D. Nurse and G. Philippson},
    year = {2014},
    booktitle = {The Bantu Language},
    page = {103--120},
    address={London},
    publisher = {Routledge Tayloer \& Francis Group},
    }


@book{Valente1964,
    author = {João Francisco Valente},
    year = {1964},
    title = {Gramática {U}mbundu. A língua do centro de Angola},
    publisher = {Junta de Investigação do Ultramar},
    address = {Lisboa},
    }    

    
@book{Ntondo2014,
    author = {Zavoni Ntondo},
    year = {2014},
    title = {Fonologia e morfologia do {O}shikwanyama},
    address = {Luanda},
    publisher = {Mayamba Editora}}


@book{Guthrie1948,
    author = {Malcolm Guthrie},
    year = {1948},
    title = {The classification of the {B}antu languages},
    publisher = {Oxford University Press}}




